@book{tll,
  title={The little learner: a straight line to deep learning},
  author={Friedman, Daniel P and Mendhekar, Anurag},
  year={2023},
  publisher={MIT Press}
}

@book{aima,
  title={Artificial Intelligence: A Modern Approach, 4th US ed},
  author={Russell, Stuart and Norvig, Peter},
  year={2021},
  publisher={Pearson}
}

@book{at,
  title={An introduction to algebraic topology},
  author={Rotman, Joseph J},
  volume={119},
  year={2013},
  publisher={Springer Science \& Business Media}
}

@inproceedings{refl,
  title={Reflection and semantics in Lisp},
  author={Smith, Brian Cantwell},
  booktitle={Proceedings of the 11th ACM SIGACT-SIGPLAN symposium on Principles of programming languages},
  pages={23--35},
  year={1984}
}

@article{futamura,
  title={Partial evaluation of computation process--an approach to a compiler-compiler},
  author={Futamura, Yoshihiko},
  journal={Higher-Order and Symbolic Computation},
  volume={12},
  number={4},
  pages={381--391},
  year={1999},
  publisher={Springer}
}

@inproceedings{mlpl,
  title={On machine learning and programming languages},
  author={Innes, Mike and Karpinski, Stefan and Shah, Viral and Barber, David and Saito Stenetorp, PLEPS and Besard, Tim and Bradbury, James and Churavy, Valentin and Danisch, Simon and Edelman, Alan and others},
  year={2018},
  organization={Association for Computing Machinery (ACM)}
}